@misc{Raschka-rules,
  author = {Raschka, S.},
  title = {Association Rules Generation from Frequent Itemsets},
  howpublished = {\url{https://rasbt.github.io/mlxtend/user_guide/frequent_patterns/association_rules/}},
  month = {July},
  year = {2014}
}

@misc{DeathRow,
  author = {Texas Department of Criminal Justice},
  title = {Death Row Information},
  howpublished = {\url{http://www.tdcj.state.tx.us/death_row/dr_executed_offenders.html/}},
  month = {October},
  year = {2017}
}

@misc{infoArmas,
  author = {News of Texas Tech and Beyond},
  title = {Lubbock ranks high in crime in Texas},
  howpublished = {\url{http://texastechtoday.com/news/?p=8777/}},
  month = {October},
  year = {2012}
}

